<collection xmlns="http://www.loc.gov/MARC21/slim">
<record>
  <leader>00973nam0a2200193 i 450 </leader>
  <controlfield tag="001">IT\ICCU\CNCE\077615</controlfield>
  <controlfield tag="005">20120917000000.0</controlfield>
  <datafield tag="012" ind1=" " ind2=" ">
    <subfield code="a">lou- b.li t.o- fiIt (C) 1534 (Q)</subfield>
    <subfield code="2">fei</subfield>
  </datafield>
  <datafield tag="100" ind1=" " ind2=" ">
    <subfield code="a">20120917f1534        0itac0103    ba</subfield>
  </datafield>
  <datafield tag="101" ind1=" " ind2=" ">
    <subfield code="a">LAT</subfield>
  </datafield>
  <datafield tag="102" ind1=" " ind2=" ">
    <subfield code="a">IT</subfield>
  </datafield>
  <datafield tag="200" ind1="1" ind2=" ">
    <subfield code="a">MDXXXIIII inditione tertia, die Iouis octauo mensis Ianuarii in vesperis. Dominus Raiimondinus del Pizo vti procur. &amp; procurat. nomine illu. d. Barbare Pallauicine presentauit cum ea qua decuit reuerentia spect. d. potestati Zibelli pro tribunali sedente ... sententias ... datas &amp; concessas infauorem prefate mag. d. Barbare ...</subfield>
  </datafield>
  <datafield tag="210" ind1=" " ind2=" ">
    <subfield code="d">\1534?!</subfield>
  </datafield>
  <datafield tag="215" ind1=" " ind2=" ">
    <subfield code="a">\12! c.</subfield>
    <subfield code="d">fol</subfield>
  </datafield>
  <datafield tag="300" ind1=" " ind2=" ">
    <subfield code="a">Sentenza con cui si conferma la propriet ̉di Zibello da parte di Barbara Pallavicini</subfield>
  </datafield>
  <datafield tag="710" ind1="0" ind2="2">
    <subfield code="a">Parma</subfield>
    <subfield code="3">15436</subfield>
  </datafield>
  <datafield tag="712" ind1="0" ind2="2">
    <subfield code="a">s.n.</subfield>
    <subfield code="3">IT\ICCU\CNCT\000002</subfield>
    <subfield code="4">650</subfield>
  </datafield>
  <datafield tag="801" ind1=" " ind2="3">
    <subfield code="a">IT</subfield>
    <subfield code="b">ICCU</subfield>
    <subfield code="c">20201115</subfield>
  </datafield>
  <datafield tag="899" ind1=" " ind2=" ">
    <subfield code="a">Biblioteca provinciale dei Frati minori dell&apos;Emilia. Sezione Biblioteca dell&apos;Osservanza. Bologna</subfield>
    <subfield code="1">BO0336</subfield>
    <subfield code="2">ZBO 41</subfield>
  </datafield>
</record>
</collection>
